%%%%%%%%%%%%%%%%%%%%%%%%%%%%%%%%%%%%%%%%%%%%%%%%%%%%%%%%%%%%%%%%%%%%%%%
%%%%%%%%%%%%%%%%%%%%%%%%%%%% COAUTHOR %%%%%%%%%%%%%%%%%%%%%%%%%%%%%%%%%
%%%%%%%%%%%%%%%%%%%%%%%%%%%%%%%%%%%%%%%%%%%%%%%%%%%%%%%%%%%%%%%%%%%%%%%


@ARTICLE{2023arXiv230204922W,
       author = {{Wittrock}, Justin M. and {Plavchan}, Peter and {Cale}, Bryson L. and {Barclay}, Thomas and {Gilbert}, Emily A. and {Ludwig}, Mathis R. and {Schwarz}, Richard P. and {Mekarnia}, Djamel and {Triaud}, Amaury and {Abe}, Lyu and {Suarez}, Olga and {Guillot}, Tristan and {Conti}, Dennis M. and {Collins}, Karen A. and {Waite}, Ian A. and {Kielkopf}, John F. and {Collins}, Kevin I. and {Dreizler}, Stefan and {El Mufti}, Mohammed and {Feliz}, Dax and {Gaidos}, Eric and {Geneser}, Claire and {Horne}, Keith and {Kane}, Stephen R. and {Lowrance}, Patrick J. and {Martioli}, Eder and {Radford}, Don J. and {Reefe}, Michael A. and {Roccatagliata}, Veronica and {Shporer}, Avi and {Stassun}, Keivan G. and {Stockdale}, Christopher and {Tan}, Thiam-Guan and {Tanner}, Angelle and {Vega}, Laura D.},
        title = "{Validating AU Microscopii d with Transit Timing Variations}",
      journal = {arXiv e-prints},
     keywords = {Astrophysics - Earth and Planetary Astrophysics},
         year = 2023,
        month = feb,
          eid = {arXiv:2302.04922},
        % pages = {arXiv:2302.04922},
          doi = {10.48550/arXiv.2302.04922},
archivePrefix = {arXiv},
       eprint = {2302.04922},
 primaryClass = {astro-ph.EP},
       adsurl = {https://ui.adsabs.harvard.edu/abs/2023arXiv230204922W},
      adsnote = {Provided by the SAO/NASA Astrophysics Data System},
     keywords = {coauthor}
}


@ARTICLE{2023ApJ...943..109P,
       author = {{Pfeifle}, Ryan W. and {Satyapal}, Shobita and {Ricci}, Claudio and {Secrest}, Nathan J. and {Gliozzi}, Mario and {Bohn}, Thomas and {Canalizo}, Gabriela and {Reefe}, Michael A.},
        title = "{NuSTAR Observes Two Bulgeless Galaxies: No Hard X-Ray AGN Detected in NGC 4178 or J0851+3926}",
      journal = {\apj},
     keywords = {Active galactic nuclei, AGN host galaxies, Low-luminosity active galactic nuclei, 16, 2017, 2033, Astrophysics - Astrophysics of Galaxies, Astrophysics - High Energy Astrophysical Phenomena},
         year = 2023,
        month = feb,
       volume = {943},
       number = {2},
          eid = {109},
        pages = {109},
          doi = {10.3847/1538-4357/aca7ff},
archivePrefix = {arXiv},
       eprint = {2211.17271},
 primaryClass = {astro-ph.GA},
       adsurl = {https://ui.adsabs.harvard.edu/abs/2023ApJ...943..109P},
      adsnote = {Provided by the SAO/NASA Astrophysics Data System},
     keywords = {coauthor}
}


@ARTICLE{2022arXiv221015473Y,
       author = {{Yee}, Samuel W. and {Winn}, Joshua N. and {Hartman}, Joel D. and {Bouma}, Luke G. and {Zhou}, George and {Quinn}, Samuel N. and {Latham}, David W. and {Bieryla}, Allyson and {Rodriguez}, Joseph E. and {Collins}, Karen A. and {Alfaro}, Owen and {Barkaoui}, Khalid and {Beard}, Corey and {Belinski}, Alexander A. and {Benkhaldoun}, Zouhair and {Benni}, Paul and {Bernacki}, Krzysztof and {Boyle}, Andrew W. and {Butler}, R. Paul and {Caldwell}, Douglas A. and {Chontos}, Ashley and {Christiansen}, Jessie L. and {Ciardi}, David R. and {Collins}, Kevin I. and {Conti}, Dennis M. and {Crane}, Jeffrey D. and {Daylan}, Tansu and {Dressing}, Courtney D. and {Eastman}, Jason D. and {Essack}, Zahra and {Evans}, Phil and {Everett}, Mark E. and {Fajardo-Acosta}, Sergio and {For{\'e}s-Toribio}, Raquel and {Furlan}, Elise and {Ghachoui}, Mourad and {Gillon}, Micha{\"e}l and {Hellier}, Coel and {Helm}, Ian and {Howard}, Andrew W. and {Howell}, Steve B. and {Isaacson}, Howard and {Jehin}, Emmanuel and {Jenkins}, Jon M. and {Jensen}, Eric L.~N. and {Kielkopf}, John F. and {Laloum}, Didier and {Leonhardes-Barboza}, Naunet and {Logsdon}, Sarah E. and {Lubin}, Jack and {Lund}, Michael B. and {MacDougall}, Mason G. and {Mann}, Andrew W. and {Maslennikova}, Natalia A. and {Massey}, Bob and {McLeod}, Kim K. and {Mu{\~n}oz}, Jose A. and {Newman}, Patrick and {Orlov}, Valeri and {Plavchan}, Peter and {Popowicz}, Adam and {Pozuelos}, Francisco J. and {Pritchard}, Tyler A. and {Radford}, Don J. and {Reefe}, Michael and {Ricker}, George R. and {Rudat}, Alexander and {Safonov}, Boris S. and {Schwarz}, Richard P. and {Schweiker}, Heidi and {Scott}, Nicholas J. and {Seager}, S. and {Shectman}, Stephen A. and {Stockdale}, Chris and {Tan}, Thiam-Guan and {Teske}, Johanna K. and {Thomas}, Neil B. and {Timmermans}, Mathilde and {Vanderspek}, Roland and {Vermilion}, David and {Watanabe}, David and {Weiss}, Lauren M. and {West}, Richard G. and {Van Zandt}, Judah and {Zejmo}, Michal and {Ziegler}, Carl},
        title = "{The TESS Grand Unified Hot Jupiter Survey. II. Twenty New Giant Planets}",
      journal = {arXiv e-prints},
     keywords = {Astrophysics - Earth and Planetary Astrophysics},
         year = 2022,
        month = oct,
          eid = {arXiv:2210.15473},
        pages = {arXiv:2210.15473},
archivePrefix = {arXiv},
       eprint = {2210.15473},
 primaryClass = {astro-ph.EP},
       adsurl = {https://ui.adsabs.harvard.edu/abs/2022arXiv221015473Y},
      adsnote = {Provided by the SAO/NASA Astrophysics Data System},
      keywords = {coauthor}
}


@ARTICLE{2022AJ....164...27W,
       author = {{Wittrock}, Justin M. and {Dreizler}, Stefan and {\textbf{Reefe M.}} and {Morris}, Brett M. and {Plavchan}, Peter P. and {Lowrance}, Patrick J. and {Demory}, Brice-Olivier and {Ingalls}, James G. and {Gilbert}, Emily A. and {Barclay}, Thomas and {Cale}, Bryson L. and {Collins}, Karen A. and {Collins}, Kevin I. and {Crossfield}, Ian J.~M. and {Dragomir}, Diana and {Eastman}, Jason D. and {Mufti}, Mohammed El and {Feliz}, Dax and {Gagn{\'e}}, Jonathan and {Gaidos}, Eric and {Gao}, Peter and {Geneser}, Claire S. and {Hebb}, Leslie and {Henze}, Christopher E. and {Horne}, Keith D. and {Jenkins}, Jon M. and {Jensen}, Eric L.~N. and {Kane}, Stephen R. and {Kaye}, Laurel and {Martioli}, Eder and {Monsue}, Teresa A. and {Pall{\'e}}, Enric and {Quintana}, Elisa V. and {Radford}, Don J. and {Roccatagliata}, Veronica and {Schlieder}, Joshua E. and {Schwarz}, Richard P. and {Shporer}, Avi and {Stassun}, Keivan G. and {Stockdale}, Christopher and {Tan}, Thiam-Guan and {Tanner}, Angelle M. and {Vanderburg}, Andrew and {Vega}, Laura D. and {Wang}, Songhu},
        title = "{Transit Timing Variations for AU Microscopii b and c}",
      journal = {\aj},
     keywords = {Exoplanets, Exoplanet astronomy, 498, 486, Astrophysics - Earth and Planetary Astrophysics},
         year = 2022,
        month = jul,
       volume = {164},
       number = {1},
          eid = {27},
        pages = {27},
          doi = {10.3847/1538-3881/ac68e5},
archivePrefix = {arXiv},
       eprint = {2202.05813},
 primaryClass = {astro-ph.EP},
       adsurl = {https://ui.adsabs.harvard.edu/abs/2022AJ....164...27W},
      adsnote = {Provided by the SAO/NASA Astrophysics Data System},
      keywords = {coauthor}
}


@ARTICLE{2022arXiv220505709R,
       author = {{Rodriguez}, Joseph E. and {Quinn}, Samuel N. and {Vanderburg}, Andrew and {Zhou}, George and {Eastman}, Jason D. and {Thygesen}, Erica and {Cale}, Bryson and {Ciardi}, David R. and {Reed}, Phillip A. and {Oelkers}, Ryan J. and {Collins}, Karen A. and {Bieryla}, Allyson and {Latham}, David W. and {Gaudi}, B. Scott and {Hellier}, Coel and {Sokolovsky}, Kirill and {Schulte}, Jack and {Srdoc}, Gregor and {Kielkopf}, John and {Grau Horta}, Ferran and {Massey}, Bob and {Evans}, Phil and {Stephens}, Denise C. and {McLeod}, Kim K. and {Chazov}, Nikita and {Krushinsky}, Vadim and {Ghachoui}, Mourad and {Safonov}, Boris and {Dedrick}, Cayla M. and {Conti}, Dennis and {Laloum}, Didier and {Giacalone}, Steven and {Ziegler}, Carl and {Guerra Serra}, Pere and {Naves Nogues}, Ramon and {Murgas}, Felipe and {Michaels}, Edward J. and {Ricker}, George R. and {Vanderspek}, Roland K. and {Winn}, Joshua N. and {Jenkins}, Jon M. and {Addison}, Brett and {Alfaro}, Owen and {Anderson}, D.~R. and {Ayad}, Elias and {Bedding}, Timothy and {Belinsky}, Alexandr A. and {Benkhaldoun}, Zouhair and {Berlind}, Perry and {Blake}, Cullen H. and {Bowen}, Michael J. and {Bowler}, Brendan P. and {Boyle}, Andrew W. and {Branson}, Dalton and {Briceno}, Cesar and {Calkins}, Michael L. and {Campbell}, Emma and {Chomiuk}, Laura and {Collins}, Kevin I. and {Cornachione}, Matthew A. and {Daassou}, Ahmed and {Dressing}, Courtney D. and {Esquerdo}, Gilbert A. and {Feliz}, Dax L. and {Fong}, William and {Gan}, Tianjun and {Gill}, Holden and {Goliguzova}, Maria V. and {Hansen}, Jarrod and {Hintz}, Eric G. and {Horner}, Jonathan and {Huang}, Chelsea X. and {James}, David J. and {Jensen}, Jacob S. and {Johnson}, Samson A. and {Kane}, Stephen R. and {Barkaoui}, Khalid and {Kim}, Myung-Jin and {Kim}, Kingsley and {Kuhn}, Rudolf B. and {Law}, Nicholas and {Lewin}, Pablo and {Liu}, Huigen and {Lund}, Michael B. and {Mann}, Andrew W. and {McCrady}, Nate and {Mengel}, Matthew W. and {Mink}, Jessica and {Murphy}, Lauren and {Narita}, Norio and {Newman}, Patrick and {Okumura}, Jack and {Osborn}, Hugh P. and {Paegert}, Martin and {Palle}, Enric and {Pepper}, Joshua and {Plavchan}, Peter and {Popov}, Alexander A. and {Rabus}, Markus and {Ranshaw}, Jessica and {Rodriguez}, Jennifer and {Roh}, Dong-Goo and {Reefe}, Michael A and {Savel}, Arjun B. and {Schwarz}, Richard P. and {Shporer}, Avi and {Siverd}, Robert J. and {Sliski}, David H. and {Stassun}, Keivan G. and {Stevens}, Daniel J. and {Soubkiou}, Abderahmane and {Ting}, Eric B. and {Tinney}, C.~G. and {Vowell}, Noah and {West}, R.~G. and {Wilson}, Maurice L. and {Wittenmyer}, Robert A. and {Wittrock}, Justin M. and {Wright}, Jason T. and {Zhang}, Hui and {Zobel}, Evan},
        title = "{Another Shipment of Six Short-Period Giant Planets from TESS}",
      journal = {arXiv e-prints},
     keywords = {coauthor},
         year = 2022,
        month = may,
          eid = {arXiv:2205.05709},
        % pages = {arXiv:2205.05709},
archivePrefix = {arXiv},
       eprint = {2205.05709},
 primaryClass = {astro-ph.EP},
       adsurl = {https://ui.adsabs.harvard.edu/abs/2022arXiv220505709R},
      adsnote = {Provided by the SAO/NASA Astrophysics Data System}
}


@ARTICLE{2022AJ....163..147G,
       author = {{Gilbert}, Emily A. and {Barclay}, Thomas and {Quintana}, Elisa V. and {Walkowicz}, Lucianne M. and {Vega}, Laura D. and {Schlieder}, Joshua E. and {Monsue}, Teresa and {Cale}, Bryson L. and {Collins}, Kevin I. and {Gaidos}, Eric and {El Mufti}, Mohammed and {Reefe}, Michael A. and {Plavchan}, Peter and {Tanner}, Angelle and {Wittenmyer}, Robert A. and {Wittrock}, Justin M. and {Jenkins}, Jon M. and {Latham}, David W. and {Ricker}, George R. and {Rose}, Mark E. and {Seager}, S. and {Vanderspek}, Roland K. and {Winn}, Joshua N.},
        title = "{Flares, Rotation, and Planets of the AU Mic System from TESS Observations}",
      journal = {\aj},
     keywords = {coauthor},
         year = 2022,
        month = apr,
       volume = {163},
       number = {4},
          eid = {147},
        pages = {147},
          doi = {10.3847/1538-3881/ac23ca},
archivePrefix = {arXiv},
      eprint = {2109.03924},
 primaryClass = {astro-ph.EP},
       adsurl = {https://ui.adsabs.harvard.edu/abs/2022AJ....163..147G},
      adsnote = {Provided by the SAO/NASA Astrophysics Data System}
}


@ARTICLE{2023AJ....165...10E,
       author = {{El Mufti}, Mohammed and {Plavchan}, Peter P. and {Isaacson}, Howard and {Cale}, Bryson L. and {Feliz}, Dax L. and {Reefe}, Michael A. and {Hellier}, Coel and {Stassun}, Keivan and {Eastman}, Jason and {Polanski}, Alex and {Crossfield}, Ian J.~M. and {Gaidos}, Eric and {Kostov}, Veselin and {Wittrock}, Justin M. and {Villase{\~n}or}, Joel and {Schlieder}, Joshua E. and {Bouma}, Luke G. and {Collins}, Kevin I. and {Zohrabi}, Farzaneh and {Lee}, Rena A. and {Sohani}, Ahmad and {Berberian}, John and {Vermilion}, David and {Newman}, Patrick and {Geneser}, Claire and {Tanner}, Angelle and {Batalha}, Natalie M. and {Dressing}, Courtney and {Fulton}, Benjamin and {Howard}, Andrew W. and {Huber}, Daniel and {Kane}, Stephen R. and {Petigura}, Erik A. and {Robertson}, Paul and {Roy}, Arpita and {Weiss}, Lauren M. and {Behmard}, Aida and {Beard}, Corey and {Chontos}, Ashley and {Dai}, Fei and {Dalba}, Paul A. and {Fetherolf}, Tara and {Giacalone}, Steven and {Hill}, Michelle L. and {Hirsch}, Lea A. and {Holcomb}, Rae and {Lubin}, Jack and {Mayo}, Andrew and {Mo{\v{c}}nik}, Teo and {Akana Murphy}, Joseph M. and {Rosenthal}, Lee J. and {Rubenzahl}, Ryan A. and {Scarsdale}, Nicholas and {Stockdale}, Christopher and {Collins}, Karen and {Cloutier}, Ryan and {Relles}, Howard and {Tan}, Thiam-Guan and {Scott}, Nicholas J. and {Hartman}, Zach and {Matthews}, Elisabeth and {Ciardi}, David R. and {Gonzales}, Erica and {Matson}, Rachel A. and {Beichman}, Charles and {Bieryla}, Allyson and {Furlan}, E. and {Gnilka}, Crystal L. and {Howell}, Steve B. and {Ziegler}, Carl and {Brice{\~n}o}, C{\'e}sar and {Law}, Nicholas and {Mann}, Andrew W. and {Rabus}, Markus and {Johnson}, Marshall C. and {Christiansen}, Jessie and {Kreidberg}, Laura and {Berardo}, David Anthony and {Deming}, Drake and {Gorjian}, Varoujan and {Morales}, Farisa Y. and {Benneke}, Bj{\"o}rn and {Dragomir}, Diana and {Wittenmyer}, Robert A. and {Ballard}, Sarah and {Bowler}, Brendan P. and {Horner}, Jonathan and {Kielkopf}, John and {Liu}, Huigen and {Shporer}, Avi and {Tinney}, C.~G. and {Zhang}, Hui and {Wright}, Duncan J. and {Addison}, Brett C. and {Mengel}, Matthew W. and {Okumura}, Jack},
        title = "{TOI 560: Two Transiting Planets Orbiting a K Dwarf Validated with iSHELL, PFS, and HIRES RVs}",
      journal = {\aj},
     keywords = {Radial velocity, 1332},
         year = 2023,
        month = jan,
       volume = {165},
       number = {1},
          eid = {10},
        pages = {10},
          doi = {10.3847/1538-3881/ac9834},
       adsurl = {https://ui.adsabs.harvard.edu/abs/2023AJ....165...10E},
      adsnote = {Provided by the SAO/NASA Astrophysics Data System},
     keywords = {coauthor}
}


@ARTICLE{2021MNRAS.507.2782O,
       author = {{Osborn}, Ares and {Armstrong}, David J. and {Cale}, Bryson and {Brahm}, Rafael and {Wittenmyer}, Robert A. and {Dai}, Fei and {Crossfield}, Ian J.~M. and {Bryant}, Edward M. and {Adibekyan}, Vardan and {Cloutier}, Ryan and {Collins}, Karen A. and {Delgado Mena}, E. and {Fridlund}, Malcolm and {Hellier}, Coel and {Howell}, Steve B. and {King}, George W. and {Lillo-Box}, Jorge and {Otegi}, Jon and {Sousa}, S. and {Stassun}, Keivan G. and {Matthews}, Elisabeth C. and {Ziegler}, Carl and {Ricker}, George and {Vanderspek}, Roland and {Latham}, David W. and {Seager}, S. and {Winn}, Joshua N. and {Jenkins}, Jon M. and {Acton}, Jack S. and {Addison}, Brett C. and {Anderson}, David R. and {Ballard}, Sarah and {Barrado}, David and {Barros}, Susana C.~C. and {Batalha}, Natalie and {Bayliss}, Daniel and {Barclay}, Thomas and {Benneke}, Bj{\"o}rn and {Berberian}, John and {Bouchy}, Francois and {Bowler}, Brendan P. and {Brice{\~n}o}, C{\'e}sar and {Burke}, Christopher J. and {Burleigh}, Matthew R. and {Casewell}, Sarah L. and {Ciardi}, David and {Collins}, Kevin I. and {Cooke}, Benjamin F. and {Demangeon}, Olivier D.~S. and {D{\'\i}az}, Rodrigo F. and {Dorn}, C. and {Dragomir}, Diana and {Dressing}, Courtney and {Dumusque}, Xavier and {Espinoza}, N{\'e}stor and {Figueira}, P. and {Fulton}, Benjamin and {Furlan}, E. and {Gaidos}, E. and {Geneser}, C. and {Gill}, Samuel and {Goad}, Michael R. and {Gonzales}, Erica J. and {Gorjian}, Varoujan and {G{\"u}nther}, Maximilian N. and {Helled}, Ravit and {Henderson}, Beth A. and {Henning}, Thomas and {Hogan}, Aleisha and {Hojjatpanah}, Saeed and {Horner}, Jonathan and {Howard}, Andrew W. and {Hoyer}, Sergio and {Huber}, Dan and {Isaacson}, Howard and {Jenkins}, James S. and {Jensen}, Eric L.~N. and {Jord{\'a}n}, Andr{\'e}s and {Kane}, Stephen R. and {Kidwell}, Richard C. and {Kielkopf}, John and {Law}, Nicholas and {Lendl}, Monika and {Lund}, M. and {Matson}, Rachel A. and {Mann}, Andrew W. and {McCormac}, James and {Mengel}, Matthew W. and {Morales}, Farisa Y. and {Nielsen}, Louise D. and {Okumura}, Jack and {Osborn}, Hugh P. and {Petigura}, Erik A. and {Plavchan}, Peter and {Pollacco}, Don and {Quintana}, Elisa V. and {Raynard}, Liam and {Robertson}, Paul and {Rose}, Mark E. and {Roy}, Arpita and {Reefe}, Michael and {Santerne}, Alexandre and {Santos}, Nuno C. and {Sarkis}, Paula and {Schlieder}, J. and {Schwarz}, Richard P. and {Scott}, Nicholas J. and {Shporer}, Avi and {Smith}, A.~M.~S. and {Stibbard}, C. and {Stockdale}, Chris and {Str{\o}m}, Paul A. and {Twicken}, Joseph D. and {Tan}, Thiam-Guan and {Tanner}, A. and {Teske}, J. and {Tilbrook}, Rosanna H. and {Tinney}, C.~G. and {Udry}, Stephane and {Villase{\~n}or}, Jesus Noel and {Vines}, Jose I. and {Wang}, Sharon X. and {Weiss}, Lauren M. and {West}, Richard G. and {Wheatley}, Peter J. and {Wright}, Duncan J. and {Zhang}, Hui and {Zohrabi}, F.},
        title = "{TOI-431/HIP 26013: a super-Earth and a sub-Neptune transiting a bright, early K dwarf, with a third RV planet}",
      journal = {\mnras},
     keywords = {coauthor},
         year = 2021,
        month = oct,
       volume = {507},
       number = {2},
        pages = {2782-2803},
          doi = {10.1093/mnras/stab2313},
archivePrefix = {arXiv},
      eprint = {2108.02310},
 primaryClass = {astro-ph.EP},
       adsurl = {https://ui.adsabs.harvard.edu/abs/2021MNRAS.507.2782O},
      adsnote = {Provided by the SAO/NASA Astrophysics Data System}
}


@ARTICLE{2021ApJS..256...33T,
       author = {{Teske}, Johanna and {Wang}, Sharon Xuesong and {Wolfgang}, Angie and {Gan}, Tianjun and {Plotnykov}, Mykhaylo and {Armstrong}, David J. and {Butler}, R. Paul and {Cale}, Bryson and {Crane}, Jeffrey D. and {Howard}, Ward and {Jensen}, Eric L.~N. and {Law}, Nicholas and {Shectman}, Stephen A. and {Plavchan}, Peter and {Valencia}, Diana and {Vanderburg}, Andrew and {Ricker}, George R. and {Vanderspek}, Roland and {Latham}, David W. and {Seager}, Sara and {Winn}, Joshua N. and {Jenkins}, Jon M. and {Adibekyan}, Vardan and {Barrado}, David and {Barros}, Susana C.~C. and {Benkhaldoun}, Zouhair and {Brown}, David J.~A. and {Bryant}, Edward M. and {Burt}, Jennifer and {Caldwell}, Douglas A. and {Charbonneau}, David and {Cloutier}, Ryan and {Collins}, Karen A. and {Collins}, Kevin I. and {Colon}, Knicole D. and {Conti}, Dennis M. and {Demangeon}, Olivier D.~S. and {Eastman}, Jason D. and {Elmufti}, Mohammed and {Feng}, Fabo and {Flowers}, Erin and {Guerrero}, Natalia M. and {Hojjatpanah}, Saeed and {Irwin}, Jonathan M. and {Isopi}, Giovanni and {Lillo-Box}, Jorge and {Mallia}, Franco and {Massey}, Bob and {Mori}, Mayuko and {Mullally}, Susan E. and {Narita}, Norio and {Nishiumi}, Taku and {Osborn}, Ares and {Paegert}, Martin and {de Leon}, Jerome Pitogo and {Quinn}, Samuel N. and {Reefe}, Michael and {Schwarz}, Richard P. and {Shporer}, Avi and {Soubkiou}, Abderahmane and {Sousa}, S{\'e}rgio G. and {Stockdale}, Chris and {Str{\o}m}, Paul A. and {Tan}, Thiam-Guan and {Tang}, Jiaxin and {Tenenbaum}, Peter and {Wheatley}, Peter J. and {Wittrock}, Justin and {Yahalomi}, Daniel A. and {Zohrabi}, Farzaneh},
        title = "{The Magellan-TESS Survey. I. Survey Description and Midsurvey Results}",
      journal = {\apjs},
     keywords = {coauthor},
         year = 2021,
        month = oct,
       volume = {256},
       number = {2},
          eid = {33},
        pages = {33},
          doi = {10.3847/1538-4365/ac0f0a},
archivePrefix = {arXiv},
      eprint = {2011.11560},
 primaryClass = {astro-ph.EP},
       adsurl = {https://ui.adsabs.harvard.edu/abs/2021ApJS..256...33T},
      adsnote = {Provided by the SAO/NASA Astrophysics Data System}
}


@ARTICLE{2021AJ....162..167F,
       author = {{Fukui}, A. and {Korth}, J. and {Livingston}, J.~H. and {Twicken}, J.~D. and {Osorio}, M.~R. Zapatero and {Jenkins}, J.~M. and {Mori}, M. and {Murgas}, F. and {Ogihara}, M. and {Narita}, N. and {Pall{\'e}}, E. and {Stassun}, K.~G. and {Nowak}, G. and {Ciardi}, D.~R. and {Alvarez-Hernandez}, L. and {B{\'e}jar}, V.~J.~S. and {Casasayas-Barris}, N. and {Crouzet}, N. and {de Leon}, J.~P. and {Esparza-Borges}, E. and {Soto}, D. Hidalgo and {Isogai}, K. and {Kawauchi}, K. and {Klagyivik}, P. and {Kodama}, T. and {Kurita}, S. and {Kusakabe}, N. and {Luque}, R. and {Madrigal-Aguado}, A. and {Rodriguez}, P. Montanes and {Morello}, G. and {Nishiumi}, T. and {Orell-Miquel}, J. and {Oshagh}, M. and {Parviainen}, H. and {S{\'a}nchez-Benavente}, M. and {Stangret}, M. and {Terada}, Y. and {Watanabe}, N. and {Chen}, G. and {Tamura}, M. and {Bosch-Cabot}, P. and {Bowen}, M. and {Eastridge}, K. and {Freour}, L. and {Gonzales}, E. and {Guerra}, P. and {Jundiyeh}, Y. and {Kim}, T.~K. and {Kroer}, L.~V. and {Levine}, A.~M. and {Morgan}, E.~H. and {Reefe}, M. and {Tronsgaard}, R. and {Wedderkopp}, C.~K. and {Wittrock}, J. and {Collins}, K.~A. and {Hesse}, K. and {Latham}, D.~W. and {Ricker}, G.~R. and {Seager}, S. and {Vanderspek}, R. and {Winn}, J. and {Bachelet}, E. and {Bowman}, M. and {McCully}, C. and {Daily}, M. and {Harbeck}, D. and {Volgenau}, N.~H.},
        title = "{TOI-1749: an M dwarf with a Trio of Planets including a Near-resonant Pair}",
      journal = {\aj},
     keywords = {coauthor},
         year = 2021,
        month = oct,
       volume = {162},
       number = {4},
          eid = {167},
        pages = {167},
          doi = {10.3847/1538-3881/ac13a5},
archivePrefix = {arXiv},
      eprint = {2107.05430},
 primaryClass = {astro-ph.EP},
       adsurl = {https://ui.adsabs.harvard.edu/abs/2021AJ....162..167F},
      adsnote = {Provided by the SAO/NASA Astrophysics Data System}
}

@ARTICLE{2020A&A...644A.127D,
       author = {{Dreizler}, S. and {Crossfield}, I.~J.~M. and {Kossakowski}, D. and {Plavchan}, P. and {Jeffers}, S.~V. and {Kemmer}, J. and {Luque}, R. and {Espinoza}, N. and {Pall{\'e}}, E. and {Stassun}, K. and {Matthews}, E. and {Cale}, B. and {Caballero}, J.~A. and {Schlecker}, M. and {Lillo-Box}, J. and {Zechmeister}, M. and {Lalitha}, S. and {Reiners}, A. and {Soubkiou}, A. and {Bitsch}, B. and {Zapatero Osorio}, M.~R. and {Chaturvedi}, P. and {Hatzes}, A.~P. and {Ricker}, G. and {Vanderspek}, R. and {Latham}, D.~W. and {Seager}, S. and {Winn}, J. and {Jenkins}, J.~M. and {Aceituno}, J. and {Amado}, P.~J. and {Barkaoui}, K. and {Barbieri}, M. and {Batalha}, N.~M. and {Bauer}, F.~F. and {Benneke}, B. and {Benkhaldoun}, Z. and {Beichman}, C. and {Berberian}, J. and {Burt}, J. and {Butler}, R.~P. and {Caldwell}, D.~A. and {Chintada}, A. and {Chontos}, A. and {Christiansen}, J.~L. and {Ciardi}, D.~R. and {Cifuentes}, C. and {Collins}, K.~A. and {Collins}, K.~I. and {Combs}, D. and {Cort{\'e}s-Contreras}, M. and {Crane}, J.~D. and {Daylan}, T. and {Dragomir}, D. and {Esparza-Borges}, E. and {Evans}, P. and {Feng}, F. and {Flowers}, E.~E. and {Fukui}, A. and {Fulton}, B. and {Furlan}, E. and {Gaidos}, E. and {Geneser}, C. and {Giacalone}, S. and {Gillon}, M. and {Gonzales}, E. and {Gorjian}, V. and {Hellier}, C. and {Hidalgo}, D. and {Howard}, A.~W. and {Howell}, S. and {Huber}, D. and {Isaacson}, H. and {Jehin}, E. and {Jensen}, E.~L.~N. and {Kaminski}, A. and {Kane}, S.~R. and {Kawauchi}, K. and {Kielkopf}, J.~F. and {Klahr}, H. and {Kosiarek}, M.~R. and {Kreidberg}, L. and {K{\"u}rster}, M. and {Lafarga}, M. and {Livingston}, J. and {Louie}, D. and {Mann}, A. and {Madrigal-Aguado}, A. and {Matson}, R.~A. and {Mocnik}, T. and {Morales}, J.~C. and {Muirhead}, P.~S. and {Murgas}, F. and {Nandakumar}, S. and {Narita}, N. and {Nowak}, G. and {Oshagh}, M. and {Parviainen}, H. and {Passegger}, V.~M. and {Pollacco}, D. and {Pozuelos}, F.~J. and {Quirrenbach}, A. and {Reefe}, M. and {Ribas}, I. and {Robertson}, P. and {Rodr{\'\i}guez-L{\'o}pez}, C. and {Rose}, M.~E. and {Roy}, A. and {Schweitzer}, A. and {Schlieder}, J. and {Shectman}, S. and {Tanner}, A. and {{\c{S}}enavc{\i}}, H.~V. and {Teske}, J. and {Twicken}, J.~D. and {Villasenor}, J. and {Wang}, S.~X. and {Weiss}, L.~M. and {Wittrock}, J. and {Y{\i}lmaz}, M. and {Zohrabi}, F.},
        title = "{The CARMENES search for exoplanets around M dwarfs. LP 714-47 b (TOI 442.01): populating the Neptune desert}",
      journal = {\aap},
     keywords = {coauthor},
         year = 2020,
        month = dec,
       volume = {644},
          eid = {A127},
        pages = {A127},
          doi = {10.1051/0004-6361/202038016},
archivePrefix = {arXiv},
      eprint = {2011.01716},
 primaryClass = {astro-ph.EP},
       adsurl = {https://ui.adsabs.harvard.edu/abs/2020A&A...644A.127D},
      adsnote = {Provided by the SAO/NASA Astrophysics Data System}
}