% Instructions:
% When adding a new citation, make sure to
% 1. Change name to {\textbf{M. Reefe}}
% 2. Add a note field for the ADS url: note = "[\href{adsurl}{\texttt{ADS}}]"

%%%%%%%%%%%%%%%%%%%%%%%%%%%%%%%%%%%%%%%%%%%%%%%%%%%%%%%%%%%%%%%%%%%%%%%
%%%%%%%%%%%%%%%%%%%%%%%%%% FIRST AUTHOR %%%%%%%%%%%%%%%%%%%%%%%%%%%%%%%
%%%%%%%%%%%%%%%%%%%%%%%%%%%%%%%%%%%%%%%%%%%%%%%%%%%%%%%%%%%%%%%%%%%%%%%

@article{2025NatureNeVI,
    author = {{\textbf{M. Reefe}} and {McDonald}, Michael and {Chatzikos}, Marios and {Seebeck}, Jerome and {Mushotzky}, Richard and {Veilleux}, Sylvain and {Allen}, Steven W. and {Bayliss}, Matthew and {Calzadilla}, Michael and {Canning}, Rebecca and {Floyd}, Benjamin and {Gaspari}, Massimo and {Hlavacek-Larrondo}, Julie and {McNamara}, Brian and {Russell}, Helen and {Sharon}, Keren and {Somboonpanyakul}, Taweewat},
    title = "{Directly imaging the cooling flow in the Phoenix Cluster}",
    journal = {Nature},
    year = 2025,
    month = feb,
    note = "in press"
}

@ARTICLE{2023ApJ...946L..38R,
       author = {{\textbf{M. Reefe}} and {Satyapal}, Shobita and {Sexton}, Remington O. and {Secrest}, Nathan J. and {Matzko}, William and {Schwartzman}, Emma and {Nyland}, Kristina and {Canalizo}, Gabriela and {Rothberg}, Barry and {Pfeifle}, Ryan W. and {Cann}, Jenna M. and {Aravindan}, Archana and {Vazquez}, Camilo and {Clarke}, Tracy},
        title = "{Nuclear Activity in the Low-metallicity Dwarf Galaxy SDSS J0944-0038 : A Glimpse into the Primordial Universe}",
      journal = {\apjl},
     keywords = {Dwarf irregular galaxies, Supermassive black holes, AGN host galaxies, 417, 1663, 2017, Astrophysics - Astrophysics of Galaxies},
         year = 2023,
        month = apr,
       volume = {946},
       number = {2},
          eid = {L38},
        pages = {L38},
          doi = {10.3847/2041-8213/acb4e4},
archivePrefix = {arXiv},
       eprint = {2211.13179},
 primaryClass = {astro-ph.GA},
       adsurl = {https://ui.adsabs.harvard.edu/abs/2023ApJ...946L..38R},
      adsnote = {Provided by the SAO/NASA Astrophysics Data System},
        note = "[\href{https://ui.adsabs.harvard.edu/abs/2023ApJ...946L..38R/abstract}{\texttt{ADS}}]"
}

@ARTICLE{2023ApJS..265...21R,
       author = {{\textbf{M. Reefe}} and {Sexton}, Remington O. and {Doan}, Sara M. and {Satyapal}, Shobita and {Secrest}, Nathan J. and {Cann}, Jenna M.},
        title = "{CLASS Survey Description: Coronal-line Needles in the SDSS Haystack}",
      journal = {\apjs},
     keywords = {Active galaxies, Dwarf galaxies, Starburst galaxies, Galaxy evolution, Infrared galaxies, Solar coronal lines, Interstellar medium, 17, 416, 1570, 594, 790, 2038, 847, Astrophysics - Astrophysics of Galaxies},
         year = 2023,
        month = mar,
       volume = {265},
       number = {1},
          eid = {21},
        pages = {21},
          doi = {10.3847/1538-4365/acb0d2},
archivePrefix = {arXiv},
       eprint = {2211.11882},
 primaryClass = {astro-ph.GA},
       adsurl = {https://ui.adsabs.harvard.edu/abs/2023ApJS..265...21R},
      adsnote = {Provided by the SAO/NASA Astrophysics Data System},
        note = "[\href{https://ui.adsabs.harvard.edu/abs/2023ApJS..265...21R/abstract}{\texttt{ADS}}]"
}

@ARTICLE{2022ApJ...936..140R,
       author = {{\textbf{M. Reefe}} and {Satyapal}, Shobita and {Sexton}, Remington O. and {Doan}, Sara M. and {Secrest}, Nathan J. and {Cann}, Jenna M.},
        title = "{CLASS: Coronal Line Activity Spectroscopic Survey}",
      journal = {\apj},
     keywords = {Active galaxies, Starburst galaxies, Galaxy evolution, Dwarf galaxies, Infrared galaxies, Interstellar medium, Emission line galaxies, Galaxy accretion disks, 17, 1570, 594, 416, 790, 847, 459, 562, Astrophysics - Astrophysics of Galaxies},
         year = 2022,
        month = sep,
       volume = {936},
       number = {2},
          eid = {140},
        pages = {140},
          doi = {10.3847/1538-4357/ac8981},
archivePrefix = {arXiv},
       eprint = {2208.10532},
 primaryClass = {astro-ph.GA},
       adsurl = {https://ui.adsabs.harvard.edu/abs/2022ApJ...936..140R},
      adsnote = {Provided by the SAO/NASA Astrophysics Data System},
         note = "[\href{https://ui.adsabs.harvard.edu/abs/2022ApJ...936..140R}{\texttt{ADS}}]",
}


@ARTICLE{2022AJ....163..269R,
       author = {{\textbf{M. Reefe}} and {Luque}, Rafael and {Gaidos}, Eric and {Beard}, Corey and {Plavchan}, Peter P. and {Cointepas}, Marion and {Cale}, Bryson L. and {Palle}, Enric and {Parviainen}, Hannu and {Feliz}, Dax L. and {Eastman}, Jason and {Stassun}, Keivan and {Gagn{\'e}}, Jonathan and {Jenkins}, Jon M. and {Boyd}, Patricia T. and {Kidwell}, Richard C. and {McDermott}, Scott and {Collins}, Karen A. and {Fong}, William and {Guerrero}, Natalia and {Almenara-Villa}, Jose-Manuel and {Bean}, Jacob and {Beichman}, Charles A. and {Berberian}, John and {Bieryla}, Allyson and {Bonfils}, Xavier and {Bouchy}, Fran{\c{c}}ois and {Brady}, Madison and {Bryant}, Edward M. and {Cacciapuoti}, Luca and {Ca{\~n}as}, Caleb I. and {Ciardi}, David R. and {Collins}, Kevin I. and {Crossfield}, Ian J.~M. and {Dressing}, Courtney D. and {Eigm{\"u}ller}, Philipp and {El Mufti}, Mohammed and {Esparza-Borges}, Emma and {Fukui}, Akihiko and {Gao}, Peter and {Geneser}, Claire and {Gnilka}, Crystal L. and {Gonzales}, Erica and {Gupta}, Arvind F. and {Halverson}, Sam and {Hearty}, Fred and {Howell}, Steve B. and {Irwin}, Jonathan and {Kanodia}, Shubham and {Kasper}, David and {Kodama}, Takanori and {Kostov}, Veselin and {Latham}, David W. and {Lendl}, Monika and {Lin}, Andrea and {Livingston}, John H. and {Lubin}, Jack and {Mahadevan}, Suvrath and {Matson}, Rachel and {Matthews}, Elisabeth and {Murgas}, Felipe and {Narita}, Norio and {Newman}, Patrick and {Ninan}, Joe and {Osborn}, Ares and {Quinn}, Samuel N. and {Robertson}, Paul and {Roy}, Arpita and {Schlieder}, Joshua and {Schwab}, Christian and {Seifahrt}, Andreas and {Smith}, Gareth D. and {Sohani}, Ahmad and {Stef{\'a}nsson}, Gu{\dh}mundur and {Stevens}, Daniel and {St{\"u}rmer}, Julian and {Tanner}, Angelle and {Terrien}, Ryan and {Teske}, Johanna and {Vermilion}, David and {Wang}, Sharon X. and {Wittrock}, Justin and {Wright}, Jason T. and {Zechmeister}, Mathias and {Zohrabi}, Farzaneh},
        title = "{A Close-in Puffy Neptune with Hidden Friends: The Enigma of TOI 620}",
      journal = {\aj},
         year = 2022,
        month = jun,
       volume = {163},
       number = {6},
          eid = {269},
        pages = {269},
          doi = {10.3847/1538-3881/ac658b},
archivePrefix = {arXiv},
      eprint = {2204.03108},
 primaryClass = {astro-ph.EP},
       adsurl = {https://ui.adsabs.harvard.edu/abs/2022AJ....163..269R},
      adsnote = {Provided by the SAO/NASA Astrophysics Data System},
         note = "[\href{https://ui.adsabs.harvard.edu/abs/2022AJ....163..269R}{\texttt{ADS}}]",
}


@ARTICLE{2022JATIS...8b7002R,
       author = {{\textbf{M. Reefe}} and {Alfaro}, Owen and {Foster}, Shawn and {Plavchan}, Peter and {Pepin}, Nick and {Banaji}, Vedhas and {Vidaurri}, Monica and {Webster}, Scott and {Banaji}, Shreyas and {Berberian}, John and {Bowen}, Michael and {Chimaladinne}, Sudhish and {Collins}, Kevin and {Combs}, Deven and {Eastridge}, Kevin and {Ellingsen}, Taylor and {El Mufti}, Mohammed and {Helm}, Ian and {Jimenez}, Mary and {Kim}, Kingsley and {Latouf}, Natasha and {Newman}, Patrick and {Stibbards}, Caitlin and {Vermilion}, David and {Wittrock}, Justin},
        title = "{Asynchronous object-oriented approach to the automation of the 0.8-meter George Mason University campus telescope in Python}",
      journal = {\jatis},
         year = 2022,
        month = apr,
       volume = {8},
          eid = {027002},
        pages = {027002},
          doi = {10.1117/1.JATIS.8.2.027002},
archivePrefix = {arXiv},
      eprint = {2206.01780},
 primaryClass = {astro-ph.IM},
       adsurl = {https://ui.adsabs.harvard.edu/abs/2022JATIS...8b7002R},
      adsnote = {Provided by the SAO/NASA Astrophysics Data System},
         note = "[\href{https://ui.adsabs.harvard.edu/abs/2022JATIS...8b7002R}{\texttt{ADS}}]",
}

