%%%%%%%%%%%%%%%%%%%%%%%%%%%%%%%%%%%%%%%%%%%%%%%%%%%%%%%%%%%%%%%%%%%
%%%%%%%%%%%%%%%%%%%%% PRESENTATIONS %%%%%%%%%%%%%%%%%%%%%%%%%%%%%%%
%%%%%%%%%%%%%%%%%%%%%%%%%%%%%%%%%%%%%%%%%%%%%%%%%%%%%%%%%%%%%%%%%%%

@INPROCEEDINGS{2021AAS...23734407R,
       author = {{Reefe}, M. and {Foster}, S. and {Alfaro}, O. and {Pepin}, N. and {Vidaurri}, M. and {Ellingsen}, T. and {Wittrock}, J. and {Newman}, P. and {Jimenez}, M. and {Bowen}, M. and {Combs}, D. and {Berberian}, J. and {Latouf}, N. and {Vermilion}, D. and {Plavchan}, P.},
        title = "{An Asynchronous Object-Oriented Approach to Automation of the 0.8-meter George Mason University Campus Telescope in Python}",
    booktitle = {American Astronomical Society Meeting Abstracts},
         year = 2021,
       series = {American Astronomical Society Meeting Abstracts},
       volume = {53},
        month = jan,
          eid = {344.07},
        pages = {344.07},
       adsurl = {https://ui.adsabs.harvard.edu/abs/2021AAS...23734407R},
      adsnote = {Provided by the SAO/NASA Astrophysics Data System},
      keywords = {present}
}

@INPROCEEDINGS{2021tsc2.confE..10K,
       author = {{Kim}, Kingsley and {Collins}, Kevin and {Wittrock}, Justin and {Bowen}, Michael and {Alfaro}, Owen and {Reefe}, Michael and {Chimaladinne}, Sudhish and {Eastridge}, Kevin and {Stibbards}, Caitlin and {Combs}, Deven and {Berberian}, John and {Jimenez}, Mary and {Newman}, Patrick and {Vermilion}, David and {Kotana}, Srihan and {Banaji}, Shreyas and {Latouf}, Natasha and {El Mufti}, Mohammed and {Plavchan}, Peter},
        title = "{Methods of Data Analysis on TESS Observations}",
     keywords = {Exoplanets, Zenodo community tsc2},
    booktitle = {Posters from the TESS Science Conference II (TSC2)},
         year = 2021,
        month = feb,
          eid = {10},
        pages = {10},
          doi = {10.5281/zenodo.5115310},
       adsurl = {https://ui.adsabs.harvard.edu/abs/2021tsc2.confE..10K},
      adsnote = {Provided by the SAO/NASA Astrophysics Data System},
      keywords = {present}
}

@INPROCEEDINGS{2021tsc2.confE...7W,
       author = {{Wittrock}, Justin M. and {Dreizler}, Stefan and {Reefe}, Michael and {Plavchan}, Peter and {Gilbert}, Emily A. and {Barclay}, Thomas and {Morris}, Brett M. and {Demory}, Brice-Olivier and {Dragomir}, Diana and {Crossfield}, Ian J.~M. and {Ingalls}, James and {Lowrance}, Patrick and {Gao}, Peter and {Kaye}, Laurel and {Wang}, Songhu and {Newton}, Elisabeth R. and {Gaidos}, Eric and {Cale}, Bryson L. and {El Mufti}, Mohammed and {Collins}, Kevin I. and {Kane}, Stephen R. and {Tanner}, Angelle and {Gagn{\'e}}, Jonathan and {Quintana}, Elisa V. and {Vega}, Laura D. and {Schlieder}, Joshua E. and {Monsue}, Teresa and {Hebb}, Leslie and {Stassun}, Keivan G. and {Roccatagliata}, Veronica and {Schwarz}, Richard P. and {Tan}, T.~G. and {Radford}, Don J. and {Stockdale}, Christopher},
        title = "{Transit Timing Variations for AU Microscopii b \& c}",
     keywords = {Exoplanets, Stars: activity, Stars: individual: AU Mic, Techniques: photometric, Techniques: transit, Techniques: transit timing variation, Zenodo community tsc2},
    booktitle = {Posters from the TESS Science Conference II (TSC2)},
         year = 2021,
        month = jul,
          eid = {7},
        pages = {7},
          doi = {10.5281/zenodo.5114040},
       adsurl = {https://ui.adsabs.harvard.edu/abs/2021tsc2.confE...7W},
      adsnote = {Provided by the SAO/NASA Astrophysics Data System},
      keywords = {present}
}

@INPROCEEDINGS{2021tsc2.confE...8R,
       author = {{Reefe}, Michael and {Alfaro}, Owen and {Foster}, Shawn and {Plavchan}, Peter and {Pepin}, Nick and {Vidaurri}, Monica and {Collins}, Kevin and {Wittrock}, Justin and {Newman}, Patrick and {Jimenez}, Mary and {Bowen}, Michael and {Eastridge}, Kevin and {Ellingsen}, Taylor and {Combs}, Deven and {Berberian}, John and {Latouf}, Natasha and {Stibbards}, Caitlin and {Vermilion}, David and {Kim}, Kingsley and {Chimaladinne}, Sudhish and {Banaji}, Shreyas},
        title = "{A Flexible Python Observatory Automation Framework for the George Mason University Campus Telescope}",
     keywords = {Exoplanets, Software Automation, Zenodo community tsc2},
    booktitle = {Posters from the TESS Science Conference II (TSC2)},
         year = 2021,
        month = jul,
          eid = {8},
        pages = {8},
          doi = {10.5281/zenodo.5114171},
       adsurl = {https://ui.adsabs.harvard.edu/abs/2021tsc2.confE...8R},
      adsnote = {Provided by the SAO/NASA Astrophysics Data System},
      keywords = {present}
}

@INPROCEEDINGS{2022AAS...24010113R,
       author = {{Reefe}, Michael and {Satyapal}, Shobita and {Doan}, Sara and {Sexton}, Remington and {Secrest}, Nathan and {Cann}, Jenna},
        title = "{A Large Scale Survey of Galaxies with Coronal Line Emission Selected from the Sloan Digital Sky Survey}",
    booktitle = {American Astronomical Society Meeting Abstracts},
         year = 2022,
       series = {American Astronomical Society Meeting Abstracts},
       volume = {54},
        month = jun,
          eid = {101.13},
        pages = {101.13},
       adsurl = {https://ui.adsabs.harvard.edu/abs/2022AAS...24010113R},
      adsnote = {Provided by the SAO/NASA Astrophysics Data System},
      keywords = {present}
}

@INPROCEEDINGS{2022AAS...24021307D,
       author = {{Doan}, Sara and {Satyapal}, Shobita and {Reefe}, Michael and {Sexton}, Remington},
        title = "{The Diagnostic Potential of Coronal lines in the Study of Active Galactic Nuclei}",
    booktitle = {American Astronomical Society Meeting Abstracts},
         year = 2022,
       series = {American Astronomical Society Meeting Abstracts},
       volume = {54},
        month = jun,
          eid = {213.07},
        pages = {213.07},
       adsurl = {https://ui.adsabs.harvard.edu/abs/2022AAS...24021307D},
      adsnote = {Provided by the SAO/NASA Astrophysics Data System},
      keywords = {present}
}

