% Instructions for adding new citations:
% First, find name in author list and change to {\textbf{Reefe, M.}}.
% Second, if name is after the 6th entry, add "{\em inc.} \textbf{Reefe, M.}" to the beginning of the title.
% Third, if first or second-author, add "keywords={firstauthor}", otherwise add "keywords={coauthor}"

@ARTICLE{2022arXiv221117271P,
       author = {{Pfeifle}, Ryan W. and {Satyapal}, Shobita and {Ricci}, Claudio and {Secrest}, Nathan J. and {Gliozzi}, Mario and {Bohn}, Thomas and {Canalizo}, Gabriela and {Reefe}, Michael A.},
        title = "{\em inc.} \textbf{Reefe, M.} {NuSTAR Observes Two Bulgeless Galaxies: No Hard X-ray AGN Detected in NGC 4178 or J0851+3926}",
      journal = {arXiv e-prints},
     keywords = {Astrophysics - Astrophysics of Galaxies, Astrophysics - High Energy Astrophysical Phenomena},
         year = 2022,
        month = nov,
          eid = {arXiv:2211.17271},
        pages = {arXiv:2211.17271},
archivePrefix = {arXiv},
       eprint = {2211.17271},
 primaryClass = {astro-ph.GA},
       adsurl = {https://ui.adsabs.harvard.edu/abs/2022arXiv221117271P},
      adsnote = {Provided by the SAO/NASA Astrophysics Data System},
      keywords = {coauthor}
}

@ARTICLE{2022arXiv221111882R,
       author = {{\textbf{Reefe, M.}} and {Sexton}, Remington O. and {Doan}, Sara M. and {Satyapal}, Shobita and {Secrest}, Nathan J. and {Cann}, Jenna M.},
        title = "{CLASS Survey Description: Coronal Line Needles in the SDSS Haystack}",
      journal = {arXiv e-prints},
     keywords = {Astrophysics - Astrophysics of Galaxies},
         year = 2022,
        month = nov,
          eid = {arXiv:2211.11882},
        pages = {arXiv:2211.11882},
archivePrefix = {arXiv},
       eprint = {2211.11882},
 primaryClass = {astro-ph.GA},
       adsurl = {https://ui.adsabs.harvard.edu/abs/2022arXiv221111882R},
      adsnote = {Provided by the SAO/NASA Astrophysics Data System},
      keywords = {firstauthor}
}

@ARTICLE{2022ApJ...936..140R,
       author = {{\textbf{Reefe, M.}} and {Satyapal}, Shobita and {Sexton}, Remington O. and {Doan}, Sara M. and {Secrest}, Nathan J. and {Cann}, Jenna M.},
        title = "{CLASS: Coronal Line Activity Spectroscopic Survey}",
      journal = {\apj},
     keywords = {Active galaxies, Starburst galaxies, Galaxy evolution, Dwarf galaxies, Infrared galaxies, Interstellar medium, Emission line galaxies, Galaxy accretion disks, 17, 1570, 594, 416, 790, 847, 459, 562, Astrophysics - Astrophysics of Galaxies},
         year = 2022,
        month = sep,
       volume = {936},
       number = {2},
          eid = {140},
        pages = {140},
          doi = {10.3847/1538-4357/ac8981},
archivePrefix = {arXiv},
       eprint = {2208.10532},
 primaryClass = {astro-ph.GA},
       adsurl = {https://ui.adsabs.harvard.edu/abs/2022ApJ...936..140R},
      adsnote = {Provided by the SAO/NASA Astrophysics Data System},
      keywords = {firstauthor}
}

@ARTICLE{2022arXiv221015473Y,
       author = {{Yee}, Samuel W. and {Winn}, Joshua N. and {Hartman}, Joel D. and {Bouma}, Luke G. and {Zhou}, George and {Quinn}, Samuel N. and {Latham}, David W. and {Bieryla}, Allyson and {Rodriguez}, Joseph E. and {Collins}, Karen A. and {Alfaro}, Owen and {Barkaoui}, Khalid and {Beard}, Corey and {Belinski}, Alexander A. and {Benkhaldoun}, Zouhair and {Benni}, Paul and {Bernacki}, Krzysztof and {Boyle}, Andrew W. and {Butler}, R. Paul and {Caldwell}, Douglas A. and {Chontos}, Ashley and {Christiansen}, Jessie L. and {Ciardi}, David R. and {Collins}, Kevin I. and {Conti}, Dennis M. and {Crane}, Jeffrey D. and {Daylan}, Tansu and {Dressing}, Courtney D. and {Eastman}, Jason D. and {Essack}, Zahra and {Evans}, Phil and {Everett}, Mark E. and {Fajardo-Acosta}, Sergio and {For{\'e}s-Toribio}, Raquel and {Furlan}, Elise and {Ghachoui}, Mourad and {Gillon}, Micha{\"e}l and {Hellier}, Coel and {Helm}, Ian and {Howard}, Andrew W. and {Howell}, Steve B. and {Isaacson}, Howard and {Jehin}, Emmanuel and {Jenkins}, Jon M. and {Jensen}, Eric L.~N. and {Kielkopf}, John F. and {Laloum}, Didier and {Leonhardes-Barboza}, Naunet and {Logsdon}, Sarah E. and {Lubin}, Jack and {Lund}, Michael B. and {MacDougall}, Mason G. and {Mann}, Andrew W. and {Maslennikova}, Natalia A. and {Massey}, Bob and {McLeod}, Kim K. and {Mu{\~n}oz}, Jose A. and {Newman}, Patrick and {Orlov}, Valeri and {Plavchan}, Peter and {Popowicz}, Adam and {Pozuelos}, Francisco J. and {Pritchard}, Tyler A. and {Radford}, Don J. and {Reefe}, Michael and {Ricker}, George R. and {Rudat}, Alexander and {Safonov}, Boris S. and {Schwarz}, Richard P. and {Schweiker}, Heidi and {Scott}, Nicholas J. and {Seager}, S. and {Shectman}, Stephen A. and {Stockdale}, Chris and {Tan}, Thiam-Guan and {Teske}, Johanna K. and {Thomas}, Neil B. and {Timmermans}, Mathilde and {Vanderspek}, Roland and {Vermilion}, David and {Watanabe}, David and {Weiss}, Lauren M. and {West}, Richard G. and {Van Zandt}, Judah and {Zejmo}, Michal and {Ziegler}, Carl},
        title = "{\em inc.} \textbf{Reefe, M.}, {The TESS Grand Unified Hot Jupiter Survey. II. Twenty New Giant Planets}",
      journal = {arXiv e-prints},
     keywords = {Astrophysics - Earth and Planetary Astrophysics},
         year = 2022,
        month = oct,
          eid = {arXiv:2210.15473},
        pages = {arXiv:2210.15473},
archivePrefix = {arXiv},
       eprint = {2210.15473},
 primaryClass = {astro-ph.EP},
       adsurl = {https://ui.adsabs.harvard.edu/abs/2022arXiv221015473Y},
      adsnote = {Provided by the SAO/NASA Astrophysics Data System},
      keywords = {coauthor}
}



@ARTICLE{2022AJ....164...27W,
       author = {{Wittrock}, Justin M. and {Dreizler}, Stefan and {\textbf{Reefe, M.}} and {Morris}, Brett M. and {Plavchan}, Peter P. and {Lowrance}, Patrick J. and {Demory}, Brice-Olivier and {Ingalls}, James G. and {Gilbert}, Emily A. and {Barclay}, Thomas and {Cale}, Bryson L. and {Collins}, Karen A. and {Collins}, Kevin I. and {Crossfield}, Ian J.~M. and {Dragomir}, Diana and {Eastman}, Jason D. and {Mufti}, Mohammed El and {Feliz}, Dax and {Gagn{\'e}}, Jonathan and {Gaidos}, Eric and {Gao}, Peter and {Geneser}, Claire S. and {Hebb}, Leslie and {Henze}, Christopher E. and {Horne}, Keith D. and {Jenkins}, Jon M. and {Jensen}, Eric L.~N. and {Kane}, Stephen R. and {Kaye}, Laurel and {Martioli}, Eder and {Monsue}, Teresa A. and {Pall{\'e}}, Enric and {Quintana}, Elisa V. and {Radford}, Don J. and {Roccatagliata}, Veronica and {Schlieder}, Joshua E. and {Schwarz}, Richard P. and {Shporer}, Avi and {Stassun}, Keivan G. and {Stockdale}, Christopher and {Tan}, Thiam-Guan and {Tanner}, Angelle M. and {Vanderburg}, Andrew and {Vega}, Laura D. and {Wang}, Songhu},
        title = "{Transit Timing Variations for AU Microscopii b and c}",
      journal = {\aj},
     keywords = {coauthor},
         year = 2022,
        % month = jul,
       volume = {164},
       number = {1},
          eid = {27},
        pages = {27},
          doi = {10.3847/1538-3881/ac68e5},
% archivePrefix = {arXiv},
    %   eprint = {2202.05813},
%  primaryClass = {astro-ph.EP},
       adsurl = {https://ui.adsabs.harvard.edu/abs/2022AJ....164...27W},
      adsnote = {Provided by the SAO/NASA Astrophysics Data System}
}


@ARTICLE{2022AJ....163..269R,
       author = {{\textbf{Reefe, M.}} and {Luque}, Rafael and {Gaidos}, Eric and {Beard}, Corey and {Plavchan}, Peter P. and {Cointepas}, Marion and {Cale}, Bryson L. and {Palle}, Enric and {Parviainen}, Hannu and {Feliz}, Dax L. and {Eastman}, Jason and {Stassun}, Keivan and {Gagn{\'e}}, Jonathan and {Jenkins}, Jon M. and {Boyd}, Patricia T. and {Kidwell}, Richard C. and {McDermott}, Scott and {Collins}, Karen A. and {Fong}, William and {Guerrero}, Natalia and {Almenara-Villa}, Jose-Manuel and {Bean}, Jacob and {Beichman}, Charles A. and {Berberian}, John and {Bieryla}, Allyson and {Bonfils}, Xavier and {Bouchy}, Fran{\c{c}}ois and {Brady}, Madison and {Bryant}, Edward M. and {Cacciapuoti}, Luca and {Ca{\~n}as}, Caleb I. and {Ciardi}, David R. and {Collins}, Kevin I. and {Crossfield}, Ian J.~M. and {Dressing}, Courtney D. and {Eigm{\"u}ller}, Philipp and {El Mufti}, Mohammed and {Esparza-Borges}, Emma and {Fukui}, Akihiko and {Gao}, Peter and {Geneser}, Claire and {Gnilka}, Crystal L. and {Gonzales}, Erica and {Gupta}, Arvind F. and {Halverson}, Sam and {Hearty}, Fred and {Howell}, Steve B. and {Irwin}, Jonathan and {Kanodia}, Shubham and {Kasper}, David and {Kodama}, Takanori and {Kostov}, Veselin and {Latham}, David W. and {Lendl}, Monika and {Lin}, Andrea and {Livingston}, John H. and {Lubin}, Jack and {Mahadevan}, Suvrath and {Matson}, Rachel and {Matthews}, Elisabeth and {Murgas}, Felipe and {Narita}, Norio and {Newman}, Patrick and {Ninan}, Joe and {Osborn}, Ares and {Quinn}, Samuel N. and {Robertson}, Paul and {Roy}, Arpita and {Schlieder}, Joshua and {Schwab}, Christian and {Seifahrt}, Andreas and {Smith}, Gareth D. and {Sohani}, Ahmad and {Stef{\'a}nsson}, Gu{\dh}mundur and {Stevens}, Daniel and {St{\"u}rmer}, Julian and {Tanner}, Angelle and {Terrien}, Ryan and {Teske}, Johanna and {Vermilion}, David and {Wang}, Sharon X. and {Wittrock}, Justin and {Wright}, Jason T. and {Zechmeister}, Mathias and {Zohrabi}, Farzaneh},
        title = "{A Close-in Puffy Neptune with Hidden Friends: The Enigma of TOI 620}",
      journal = {\aj},
     keywords = {firstauthor},
         year = 2022,
        % month = jun,
       volume = {163},
       number = {6},
          eid = {269},
        pages = {269},
          doi = {10.3847/1538-3881/ac658b},
% archivePrefix = {arXiv},
    %   eprint = {2204.03108},
%  primaryClass = {astro-ph.EP},
       adsurl = {https://ui.adsabs.harvard.edu/abs/2022AJ....163..269R},
      adsnote = {Provided by the SAO/NASA Astrophysics Data System}
}



@ARTICLE{2022arXiv220505709R,
       author = {{Rodriguez}, Joseph E. and {Quinn}, Samuel N. and {Vanderburg}, Andrew and {Zhou}, George and {Eastman}, Jason D. and {Thygesen}, Erica and {Cale}, Bryson and {Ciardi}, David R. and {Reed}, Phillip A. and {Oelkers}, Ryan J. and {Collins}, Karen A. and {Bieryla}, Allyson and {Latham}, David W. and {Gaudi}, B. Scott and {Hellier}, Coel and {Sokolovsky}, Kirill and {Schulte}, Jack and {Srdoc}, Gregor and {Kielkopf}, John and {Grau Horta}, Ferran and {Massey}, Bob and {Evans}, Phil and {Stephens}, Denise C. and {McLeod}, Kim K. and {Chazov}, Nikita and {Krushinsky}, Vadim and {Ghachoui}, Mourad and {Safonov}, Boris and {Dedrick}, Cayla M. and {Conti}, Dennis and {Laloum}, Didier and {Giacalone}, Steven and {Ziegler}, Carl and {Guerra Serra}, Pere and {Naves Nogues}, Ramon and {Murgas}, Felipe and {Michaels}, Edward J. and {Ricker}, George R. and {Vanderspek}, Roland K. and {Winn}, Joshua N. and {Jenkins}, Jon M. and {Addison}, Brett and {Alfaro}, Owen and {Anderson}, D.~R. and {Ayad}, Elias and {Bedding}, Timothy and {Belinsky}, Alexandr A. and {Benkhaldoun}, Zouhair and {Berlind}, Perry and {Blake}, Cullen H. and {Bowen}, Michael J. and {Bowler}, Brendan P. and {Boyle}, Andrew W. and {Branson}, Dalton and {Briceno}, Cesar and {Calkins}, Michael L. and {Campbell}, Emma and {Chomiuk}, Laura and {Collins}, Kevin I. and {Cornachione}, Matthew A. and {Daassou}, Ahmed and {Dressing}, Courtney D. and {Esquerdo}, Gilbert A. and {Feliz}, Dax L. and {Fong}, William and {Gan}, Tianjun and {Gill}, Holden and {Goliguzova}, Maria V. and {Hansen}, Jarrod and {Hintz}, Eric G. and {Horner}, Jonathan and {Huang}, Chelsea X. and {James}, David J. and {Jensen}, Jacob S. and {Johnson}, Samson A. and {Kane}, Stephen R. and {Barkaoui}, Khalid and {Kim}, Myung-Jin and {Kim}, Kingsley and {Kuhn}, Rudolf B. and {Law}, Nicholas and {Lewin}, Pablo and {Liu}, Huigen and {Lund}, Michael B. and {Mann}, Andrew W. and {McCrady}, Nate and {Mengel}, Matthew W. and {Mink}, Jessica and {Murphy}, Lauren and {Narita}, Norio and {Newman}, Patrick and {Okumura}, Jack and {Osborn}, Hugh P. and {Paegert}, Martin and {Palle}, Enric and {Pepper}, Joshua and {Plavchan}, Peter and {Popov}, Alexander A. and {Rabus}, Markus and {Ranshaw}, Jessica and {Rodriguez}, Jennifer and {Roh}, Dong-Goo and {Reefe}, Michael A and {Savel}, Arjun B. and {Schwarz}, Richard P. and {Shporer}, Avi and {Siverd}, Robert J. and {Sliski}, David H. and {Stassun}, Keivan G. and {Stevens}, Daniel J. and {Soubkiou}, Abderahmane and {Ting}, Eric B. and {Tinney}, C.~G. and {Vowell}, Noah and {West}, R.~G. and {Wilson}, Maurice L. and {Wittenmyer}, Robert A. and {Wittrock}, Justin M. and {Wright}, Jason T. and {Zhang}, Hui and {Zobel}, Evan},
        title = "{{\em inc.} \textbf{Reefe, M.}}, {Another Shipment of Six Short-Period Giant Planets from TESS}",
      journal = {arXiv e-prints},
     keywords = {coauthor},
         year = 2022,
        % month = may,
        %   eid = {arXiv:2205.05709},
        % pages = {arXiv:2205.05709},
archivePrefix = {arXiv},
       eprint = {2205.05709},
%  primaryClass = {astro-ph.EP},
       adsurl = {https://ui.adsabs.harvard.edu/abs/2022arXiv220505709R},
      adsnote = {Provided by the SAO/NASA Astrophysics Data System}
}


@ARTICLE{2022JATIS...8b7002R,
       author = {{\textbf{Reefe, M.}} and {Alfaro}, Owen and {Foster}, Shawn and {Plavchan}, Peter and {Pepin}, Nick and {Banaji}, Vedhas and {Vidaurri}, Monica and {Webster}, Scott and {Banaji}, Shreyas and {Berberian}, John and {Bowen}, Michael and {Chimaladinne}, Sudhish and {Collins}, Kevin and {Combs}, Deven and {Eastridge}, Kevin and {Ellingsen}, Taylor and {El Mufti}, Mohammed and {Helm}, Ian and {Jimenez}, Mary and {Kim}, Kingsley and {Latouf}, Natasha and {Newman}, Patrick and {Stibbards}, Caitlin and {Vermilion}, David and {Wittrock}, Justin},
        title = "{Asynchronous object-oriented approach to the automation of the 0.8-meter George Mason University campus telescope in Python}",
      journal = {\jatis},
     keywords = {firstauthor},
         year = 2022,
        % month = apr,
       volume = {8},
          eid = {027002},
        pages = {027002},
          doi = {10.1117/1.JATIS.8.2.027002},
% archivePrefix = {arXiv},
    %   eprint = {2206.01780},
%  primaryClass = {astro-ph.IM},
       adsurl = {https://ui.adsabs.harvard.edu/abs/2022JATIS...8b7002R},
      adsnote = {Provided by the SAO/NASA Astrophysics Data System}
}


@ARTICLE{2022AJ....163..147G,
       author = {{Gilbert}, Emily A. and {Barclay}, Thomas and {Quintana}, Elisa V. and {Walkowicz}, Lucianne M. and {Vega}, Laura D. and {Schlieder}, Joshua E. and {Monsue}, Teresa and {Cale}, Bryson L. and {Collins}, Kevin I. and {Gaidos}, Eric and {El Mufti}, Mohammed and {Reefe}, Michael A. and {Plavchan}, Peter and {Tanner}, Angelle and {Wittenmyer}, Robert A. and {Wittrock}, Justin M. and {Jenkins}, Jon M. and {Latham}, David W. and {Ricker}, George R. and {Rose}, Mark E. and {Seager}, S. and {Vanderspek}, Roland K. and {Winn}, Joshua N.},
        title = "{{\em inc.} \textbf{Reefe, M.}}, {Flares, Rotation, and Planets of the AU Mic System from TESS Observations}",
      journal = {\aj},
     keywords = {coauthor},
         year = 2022,
        % month = apr,
       volume = {163},
       number = {4},
          eid = {147},
        pages = {147},
          doi = {10.3847/1538-3881/ac23ca},
% archivePrefix = {arXiv},
    %   eprint = {2109.03924},
%  primaryClass = {astro-ph.EP},
       adsurl = {https://ui.adsabs.harvard.edu/abs/2022AJ....163..147G},
      adsnote = {Provided by the SAO/NASA Astrophysics Data System}
}


@article{El_Mufti_2023,
    doi = {10.3847/1538-3881/ac9834},
    url = {https://dx.doi.org/10.3847/1538-3881/ac9834},
    year = {2022},
    month = {dec},
    publisher = {The American Astronomical Society},
    volume = {165},
    number = {1},
    pages = {10},
    keywords = {coauthor},
    author = {Mohammed {El Mufti} and Peter P. Plavchan and Howard Isaacson and Bryson L. Cale and Dax L. Feliz and Michael A. Reefe and Coel Hellier and Keivan Stassun and Jason Eastman and Alex Polanski and Ian J. M. Crossfield and Eric Gaidos and Veselin Kostov and Justin M. Wittrock and Joel Villaseñor and Joshua E. Schlieder and Luke G. Bouma and Kevin I. Collins and Farzaneh Zohrabi and Rena A. Lee and Ahmad Sohani and John Berberian and David Vermilion and Patrick Newman and Claire Geneser and Angelle Tanner and Natalie M. Batalha and Courtney Dressing and Benjamin Fulton and Andrew W. Howard and Daniel Huber and Stephen R. Kane and Erik A. Petigura and Paul Robertson and Arpita Roy and Lauren M. Weiss and Aida Behmard and Corey Beard and Ashley Chontos and Fei Dai and Paul A. Dalba and Tara Fetherolf and Steven Giacalone and Michelle L. Hill and Lea A. Hirsch and Rae Holcomb and Jack Lubin and Andrew Mayo and Teo Močnik and Joseph M. Akana Murphy and Lee J. Rosenthal and Ryan A. Rubenzahl and Nicholas Scarsdale and Christopher Stockdale and Karen Collins and Ryan Cloutier and Howard Relles and Thiam-Guan Tan and Nicholas J Scott and Zach Hartman and Elisabeth Matthews and David R. Ciardi and Erica Gonzales and Rachel A. Matson and Charles Beichman and Allyson Bieryla and E. Furlan and Crystal L. Gnilka and Steve B. Howell and Carl Ziegler and César Briceño and Nicholas Law and Andrew W. Mann and Markus Rabus and Marshall C. Johnson and Jessie Christiansen and Laura Kreidberg and David Anthony Berardo and Drake Deming and Varoujan Gorjian and Farisa Y. Morales and Björn Benneke and Diana Dragomir and Robert A. Wittenmyer and Sarah Ballard and Brendan P. Bowler and Jonathan Horner and John Kielkopf and Huigen Liu and Avi Shporer and C. G. Tinney and Hui Zhang and Duncan J. Wright and Brett C. Addison and Matthew W. Mengel and Jack Okumura},
    title = "{\em inc.} \textbf{Reefe, M.}, {TOI 560: Two Transiting Planets Orbiting a K Dwarf Validated with iSHELL, PFS, and HIRES RVs}",
    journal = {The Astronomical Journal}
}


@ARTICLE{2021AJ....162..295C,
       author = {{Cale}, Bryson L. and {\textbf{Reefe, M.}} and {Plavchan}, Peter and {Tanner}, Angelle and {Gaidos}, Eric and {Gagn{\'e}}, Jonathan and {Gao}, Peter and {Kane}, Stephen R. and {B{\'e}jar}, V{\'\i}ctor J.~S. and {Lodieu}, Nicolas and {Anglada-Escud{\'e}}, Guillem and {Ribas}, Ignasi and {Pall{\'e}}, Enric and {Quirrenbach}, Andreas and {Amado}, Pedro J. and {Reiners}, Ansgar and {Caballero}, Jos{\'e} A. and {Rosa Zapatero Osorio}, Mar{\'\i}a and {Dreizler}, Stefan and {Howard}, Andrew W. and {Fulton}, Benjamin J. and {Xuesong Wang}, Sharon and {Collins}, Kevin I. and {El Mufti}, Mohammed and {Wittrock}, Justin and {Gilbert}, Emily A. and {Barclay}, Thomas and {Klein}, Baptiste and {Martioli}, Eder and {Wittenmyer}, Robert and {Wright}, Duncan and {Addison}, Brett and {Hirano}, Teruyuki and {Tamura}, Motohide and {Kotani}, Takayuki and {Narita}, Norio and {Vermilion}, David and {Lee}, Rena A. and {Geneser}, Claire and {Teske}, Johanna and {Quinn}, Samuel N. and {Latham}, David W. and {Esquerdo}, Gilbert A. and {Calkins}, Michael L. and {Berlind}, Perry and {Zohrabi}, Farzaneh and {Stibbards}, Caitlin and {Kotnana}, Srihan and {Jenkins}, Jon and {Twicken}, Joseph D. and {Henze}, Christopher and {Kidwell}, Richard and {Burke}, Christopher and {Villase{\~n}or}, Joel and {Boyd}, Patricia},
        title = "{Diving Beneath the Sea of Stellar Activity: Chromatic Radial Velocities of the Young AU Mic Planetary System}",
      journal = {\aj},
     keywords = {firstauthor},
         year = 2021,
        % month = dec,
       volume = {162},
       number = {6},
          eid = {295},
        pages = {295},
          doi = {10.3847/1538-3881/ac2c80},
% archivePrefix = {arXiv},
    %   eprint = {2109.13996},
%  primaryClass = {astro-ph.EP},
       adsurl = {https://ui.adsabs.harvard.edu/abs/2021AJ....162..295C},
      adsnote = {Provided by the SAO/NASA Astrophysics Data System}
}


@ARTICLE{2021MNRAS.507.2782O,
       author = {{Osborn}, Ares and {Armstrong}, David J. and {Cale}, Bryson and {Brahm}, Rafael and {Wittenmyer}, Robert A. and {Dai}, Fei and {Crossfield}, Ian J.~M. and {Bryant}, Edward M. and {Adibekyan}, Vardan and {Cloutier}, Ryan and {Collins}, Karen A. and {Delgado Mena}, E. and {Fridlund}, Malcolm and {Hellier}, Coel and {Howell}, Steve B. and {King}, George W. and {Lillo-Box}, Jorge and {Otegi}, Jon and {Sousa}, S. and {Stassun}, Keivan G. and {Matthews}, Elisabeth C. and {Ziegler}, Carl and {Ricker}, George and {Vanderspek}, Roland and {Latham}, David W. and {Seager}, S. and {Winn}, Joshua N. and {Jenkins}, Jon M. and {Acton}, Jack S. and {Addison}, Brett C. and {Anderson}, David R. and {Ballard}, Sarah and {Barrado}, David and {Barros}, Susana C.~C. and {Batalha}, Natalie and {Bayliss}, Daniel and {Barclay}, Thomas and {Benneke}, Bj{\"o}rn and {Berberian}, John and {Bouchy}, Francois and {Bowler}, Brendan P. and {Brice{\~n}o}, C{\'e}sar and {Burke}, Christopher J. and {Burleigh}, Matthew R. and {Casewell}, Sarah L. and {Ciardi}, David and {Collins}, Kevin I. and {Cooke}, Benjamin F. and {Demangeon}, Olivier D.~S. and {D{\'\i}az}, Rodrigo F. and {Dorn}, C. and {Dragomir}, Diana and {Dressing}, Courtney and {Dumusque}, Xavier and {Espinoza}, N{\'e}stor and {Figueira}, P. and {Fulton}, Benjamin and {Furlan}, E. and {Gaidos}, E. and {Geneser}, C. and {Gill}, Samuel and {Goad}, Michael R. and {Gonzales}, Erica J. and {Gorjian}, Varoujan and {G{\"u}nther}, Maximilian N. and {Helled}, Ravit and {Henderson}, Beth A. and {Henning}, Thomas and {Hogan}, Aleisha and {Hojjatpanah}, Saeed and {Horner}, Jonathan and {Howard}, Andrew W. and {Hoyer}, Sergio and {Huber}, Dan and {Isaacson}, Howard and {Jenkins}, James S. and {Jensen}, Eric L.~N. and {Jord{\'a}n}, Andr{\'e}s and {Kane}, Stephen R. and {Kidwell}, Richard C. and {Kielkopf}, John and {Law}, Nicholas and {Lendl}, Monika and {Lund}, M. and {Matson}, Rachel A. and {Mann}, Andrew W. and {McCormac}, James and {Mengel}, Matthew W. and {Morales}, Farisa Y. and {Nielsen}, Louise D. and {Okumura}, Jack and {Osborn}, Hugh P. and {Petigura}, Erik A. and {Plavchan}, Peter and {Pollacco}, Don and {Quintana}, Elisa V. and {Raynard}, Liam and {Robertson}, Paul and {Rose}, Mark E. and {Roy}, Arpita and {Reefe}, Michael and {Santerne}, Alexandre and {Santos}, Nuno C. and {Sarkis}, Paula and {Schlieder}, J. and {Schwarz}, Richard P. and {Scott}, Nicholas J. and {Shporer}, Avi and {Smith}, A.~M.~S. and {Stibbard}, C. and {Stockdale}, Chris and {Str{\o}m}, Paul A. and {Twicken}, Joseph D. and {Tan}, Thiam-Guan and {Tanner}, A. and {Teske}, J. and {Tilbrook}, Rosanna H. and {Tinney}, C.~G. and {Udry}, Stephane and {Villase{\~n}or}, Jesus Noel and {Vines}, Jose I. and {Wang}, Sharon X. and {Weiss}, Lauren M. and {West}, Richard G. and {Wheatley}, Peter J. and {Wright}, Duncan J. and {Zhang}, Hui and {Zohrabi}, F.},
        title = "{{\em inc.} \textbf{Reefe, M.}}, {TOI-431/HIP 26013: a super-Earth and a sub-Neptune transiting a bright, early K dwarf, with a third RV planet}",
      journal = {\mnras},
     keywords = {coauthor},
         year = 2021,
        % month = oct,
       volume = {507},
       number = {2},
        pages = {2782-2803},
          doi = {10.1093/mnras/stab2313},
% archivePrefix = {arXiv},
    %   eprint = {2108.02310},
%  primaryClass = {astro-ph.EP},
       adsurl = {https://ui.adsabs.harvard.edu/abs/2021MNRAS.507.2782O},
      adsnote = {Provided by the SAO/NASA Astrophysics Data System}
}


@ARTICLE{2021ApJS..256...33T,
       author = {{Teske}, Johanna and {Wang}, Sharon Xuesong and {Wolfgang}, Angie and {Gan}, Tianjun and {Plotnykov}, Mykhaylo and {Armstrong}, David J. and {Butler}, R. Paul and {Cale}, Bryson and {Crane}, Jeffrey D. and {Howard}, Ward and {Jensen}, Eric L.~N. and {Law}, Nicholas and {Shectman}, Stephen A. and {Plavchan}, Peter and {Valencia}, Diana and {Vanderburg}, Andrew and {Ricker}, George R. and {Vanderspek}, Roland and {Latham}, David W. and {Seager}, Sara and {Winn}, Joshua N. and {Jenkins}, Jon M. and {Adibekyan}, Vardan and {Barrado}, David and {Barros}, Susana C.~C. and {Benkhaldoun}, Zouhair and {Brown}, David J.~A. and {Bryant}, Edward M. and {Burt}, Jennifer and {Caldwell}, Douglas A. and {Charbonneau}, David and {Cloutier}, Ryan and {Collins}, Karen A. and {Collins}, Kevin I. and {Colon}, Knicole D. and {Conti}, Dennis M. and {Demangeon}, Olivier D.~S. and {Eastman}, Jason D. and {Elmufti}, Mohammed and {Feng}, Fabo and {Flowers}, Erin and {Guerrero}, Natalia M. and {Hojjatpanah}, Saeed and {Irwin}, Jonathan M. and {Isopi}, Giovanni and {Lillo-Box}, Jorge and {Mallia}, Franco and {Massey}, Bob and {Mori}, Mayuko and {Mullally}, Susan E. and {Narita}, Norio and {Nishiumi}, Taku and {Osborn}, Ares and {Paegert}, Martin and {de Leon}, Jerome Pitogo and {Quinn}, Samuel N. and {Reefe}, Michael and {Schwarz}, Richard P. and {Shporer}, Avi and {Soubkiou}, Abderahmane and {Sousa}, S{\'e}rgio G. and {Stockdale}, Chris and {Str{\o}m}, Paul A. and {Tan}, Thiam-Guan and {Tang}, Jiaxin and {Tenenbaum}, Peter and {Wheatley}, Peter J. and {Wittrock}, Justin and {Yahalomi}, Daniel A. and {Zohrabi}, Farzaneh},
        title = "{{\em inc.} \textbf{Reefe, M.}}, {The Magellan-TESS Survey. I. Survey Description and Midsurvey Results}",
      journal = {\apjs},
     keywords = {coauthor},
         year = 2021,
        % month = oct,
       volume = {256},
       number = {2},
          eid = {33},
        pages = {33},
          doi = {10.3847/1538-4365/ac0f0a},
% archivePrefix = {arXiv},
    %   eprint = {2011.11560},
%  primaryClass = {astro-ph.EP},
       adsurl = {https://ui.adsabs.harvard.edu/abs/2021ApJS..256...33T},
      adsnote = {Provided by the SAO/NASA Astrophysics Data System}
}


@ARTICLE{2021AJ....162..167F,
       author = {{Fukui}, A. and {Korth}, J. and {Livingston}, J.~H. and {Twicken}, J.~D. and {Osorio}, M.~R. Zapatero and {Jenkins}, J.~M. and {Mori}, M. and {Murgas}, F. and {Ogihara}, M. and {Narita}, N. and {Pall{\'e}}, E. and {Stassun}, K.~G. and {Nowak}, G. and {Ciardi}, D.~R. and {Alvarez-Hernandez}, L. and {B{\'e}jar}, V.~J.~S. and {Casasayas-Barris}, N. and {Crouzet}, N. and {de Leon}, J.~P. and {Esparza-Borges}, E. and {Soto}, D. Hidalgo and {Isogai}, K. and {Kawauchi}, K. and {Klagyivik}, P. and {Kodama}, T. and {Kurita}, S. and {Kusakabe}, N. and {Luque}, R. and {Madrigal-Aguado}, A. and {Rodriguez}, P. Montanes and {Morello}, G. and {Nishiumi}, T. and {Orell-Miquel}, J. and {Oshagh}, M. and {Parviainen}, H. and {S{\'a}nchez-Benavente}, M. and {Stangret}, M. and {Terada}, Y. and {Watanabe}, N. and {Chen}, G. and {Tamura}, M. and {Bosch-Cabot}, P. and {Bowen}, M. and {Eastridge}, K. and {Freour}, L. and {Gonzales}, E. and {Guerra}, P. and {Jundiyeh}, Y. and {Kim}, T.~K. and {Kroer}, L.~V. and {Levine}, A.~M. and {Morgan}, E.~H. and {Reefe}, M. and {Tronsgaard}, R. and {Wedderkopp}, C.~K. and {Wittrock}, J. and {Collins}, K.~A. and {Hesse}, K. and {Latham}, D.~W. and {Ricker}, G.~R. and {Seager}, S. and {Vanderspek}, R. and {Winn}, J. and {Bachelet}, E. and {Bowman}, M. and {McCully}, C. and {Daily}, M. and {Harbeck}, D. and {Volgenau}, N.~H.},
        title = "{{\em inc.} \textbf{Reefe, M.}}, {TOI-1749: an M dwarf with a Trio of Planets including a Near-resonant Pair}",
      journal = {\aj},
     keywords = {coauthor},
         year = 2021,
        % month = oct,
       volume = {162},
       number = {4},
          eid = {167},
        pages = {167},
          doi = {10.3847/1538-3881/ac13a5},
% archivePrefix = {arXiv},
    %   eprint = {2107.05430},
%  primaryClass = {astro-ph.EP},
       adsurl = {https://ui.adsabs.harvard.edu/abs/2021AJ....162..167F},
      adsnote = {Provided by the SAO/NASA Astrophysics Data System}
}

@ARTICLE{2020A&A...644A.127D,
       author = {{Dreizler}, S. and {Crossfield}, I.~J.~M. and {Kossakowski}, D. and {Plavchan}, P. and {Jeffers}, S.~V. and {Kemmer}, J. and {Luque}, R. and {Espinoza}, N. and {Pall{\'e}}, E. and {Stassun}, K. and {Matthews}, E. and {Cale}, B. and {Caballero}, J.~A. and {Schlecker}, M. and {Lillo-Box}, J. and {Zechmeister}, M. and {Lalitha}, S. and {Reiners}, A. and {Soubkiou}, A. and {Bitsch}, B. and {Zapatero Osorio}, M.~R. and {Chaturvedi}, P. and {Hatzes}, A.~P. and {Ricker}, G. and {Vanderspek}, R. and {Latham}, D.~W. and {Seager}, S. and {Winn}, J. and {Jenkins}, J.~M. and {Aceituno}, J. and {Amado}, P.~J. and {Barkaoui}, K. and {Barbieri}, M. and {Batalha}, N.~M. and {Bauer}, F.~F. and {Benneke}, B. and {Benkhaldoun}, Z. and {Beichman}, C. and {Berberian}, J. and {Burt}, J. and {Butler}, R.~P. and {Caldwell}, D.~A. and {Chintada}, A. and {Chontos}, A. and {Christiansen}, J.~L. and {Ciardi}, D.~R. and {Cifuentes}, C. and {Collins}, K.~A. and {Collins}, K.~I. and {Combs}, D. and {Cort{\'e}s-Contreras}, M. and {Crane}, J.~D. and {Daylan}, T. and {Dragomir}, D. and {Esparza-Borges}, E. and {Evans}, P. and {Feng}, F. and {Flowers}, E.~E. and {Fukui}, A. and {Fulton}, B. and {Furlan}, E. and {Gaidos}, E. and {Geneser}, C. and {Giacalone}, S. and {Gillon}, M. and {Gonzales}, E. and {Gorjian}, V. and {Hellier}, C. and {Hidalgo}, D. and {Howard}, A.~W. and {Howell}, S. and {Huber}, D. and {Isaacson}, H. and {Jehin}, E. and {Jensen}, E.~L.~N. and {Kaminski}, A. and {Kane}, S.~R. and {Kawauchi}, K. and {Kielkopf}, J.~F. and {Klahr}, H. and {Kosiarek}, M.~R. and {Kreidberg}, L. and {K{\"u}rster}, M. and {Lafarga}, M. and {Livingston}, J. and {Louie}, D. and {Mann}, A. and {Madrigal-Aguado}, A. and {Matson}, R.~A. and {Mocnik}, T. and {Morales}, J.~C. and {Muirhead}, P.~S. and {Murgas}, F. and {Nandakumar}, S. and {Narita}, N. and {Nowak}, G. and {Oshagh}, M. and {Parviainen}, H. and {Passegger}, V.~M. and {Pollacco}, D. and {Pozuelos}, F.~J. and {Quirrenbach}, A. and {Reefe}, M. and {Ribas}, I. and {Robertson}, P. and {Rodr{\'\i}guez-L{\'o}pez}, C. and {Rose}, M.~E. and {Roy}, A. and {Schweitzer}, A. and {Schlieder}, J. and {Shectman}, S. and {Tanner}, A. and {{\c{S}}enavc{\i}}, H.~V. and {Teske}, J. and {Twicken}, J.~D. and {Villasenor}, J. and {Wang}, S.~X. and {Weiss}, L.~M. and {Wittrock}, J. and {Y{\i}lmaz}, M. and {Zohrabi}, F.},
        title = "{{\em inc.} \textbf{Reefe, M.}}, {The CARMENES search for exoplanets around M dwarfs. LP 714-47 b (TOI 442.01): populating the Neptune desert}",
      journal = {\aap},
     keywords = {coauthor},
         year = 2020,
        % month = dec,
       volume = {644},
          eid = {A127},
        pages = {A127},
          doi = {10.1051/0004-6361/202038016},
% archivePrefix = {arXiv},
    %   eprint = {2011.01716},
%  primaryClass = {astro-ph.EP},
       adsurl = {https://ui.adsabs.harvard.edu/abs/2020A&A...644A.127D},
      adsnote = {Provided by the SAO/NASA Astrophysics Data System}
}


%%%%%%%%%%%%%%%%%%%%%%%%%%%%%%%%%%%%%%%%%%%%%%%%%%%%%%%%%%%%%%%%%%%
%%%%%%%%%%%%%%%%%%%%% PRESENTATIONS %%%%%%%%%%%%%%%%%%%%%%%%%%%%%%%
%%%%%%%%%%%%%%%%%%%%%%%%%%%%%%%%%%%%%%%%%%%%%%%%%%%%%%%%%%%%%%%%%%%

@INPROCEEDINGS{2021AAS...23734407R,
       author = {{Reefe}, M. and {Foster}, S. and {Alfaro}, O. and {Pepin}, N. and {Vidaurri}, M. and {Ellingsen}, T. and {Wittrock}, J. and {Newman}, P. and {Jimenez}, M. and {Bowen}, M. and {Combs}, D. and {Berberian}, J. and {Latouf}, N. and {Vermilion}, D. and {Plavchan}, P.},
        title = "{An Asynchronous Object-Oriented Approach to Automation of the 0.8-meter George Mason University Campus Telescope in Python}",
    booktitle = {American Astronomical Society Meeting Abstracts},
         year = 2021,
       series = {American Astronomical Society Meeting Abstracts},
       volume = {53},
        month = jan,
          eid = {344.07},
        pages = {344.07},
       adsurl = {https://ui.adsabs.harvard.edu/abs/2021AAS...23734407R},
      adsnote = {Provided by the SAO/NASA Astrophysics Data System},
      keywords = {present}
}

@INPROCEEDINGS{2021tsc2.confE..10K,
       author = {{Kim}, Kingsley and {Collins}, Kevin and {Wittrock}, Justin and {Bowen}, Michael and {Alfaro}, Owen and {Reefe}, Michael and {Chimaladinne}, Sudhish and {Eastridge}, Kevin and {Stibbards}, Caitlin and {Combs}, Deven and {Berberian}, John and {Jimenez}, Mary and {Newman}, Patrick and {Vermilion}, David and {Kotana}, Srihan and {Banaji}, Shreyas and {Latouf}, Natasha and {El Mufti}, Mohammed and {Plavchan}, Peter},
        title = "{Methods of Data Analysis on TESS Observations}",
     keywords = {Exoplanets, Zenodo community tsc2},
    booktitle = {Posters from the TESS Science Conference II (TSC2)},
         year = 2021,
        month = feb,
          eid = {10},
        pages = {10},
          doi = {10.5281/zenodo.5115310},
       adsurl = {https://ui.adsabs.harvard.edu/abs/2021tsc2.confE..10K},
      adsnote = {Provided by the SAO/NASA Astrophysics Data System},
      keywords = {present}
}

@INPROCEEDINGS{2021tsc2.confE...7W,
       author = {{Wittrock}, Justin M. and {Dreizler}, Stefan and {Reefe}, Michael and {Plavchan}, Peter and {Gilbert}, Emily A. and {Barclay}, Thomas and {Morris}, Brett M. and {Demory}, Brice-Olivier and {Dragomir}, Diana and {Crossfield}, Ian J.~M. and {Ingalls}, James and {Lowrance}, Patrick and {Gao}, Peter and {Kaye}, Laurel and {Wang}, Songhu and {Newton}, Elisabeth R. and {Gaidos}, Eric and {Cale}, Bryson L. and {El Mufti}, Mohammed and {Collins}, Kevin I. and {Kane}, Stephen R. and {Tanner}, Angelle and {Gagn{\'e}}, Jonathan and {Quintana}, Elisa V. and {Vega}, Laura D. and {Schlieder}, Joshua E. and {Monsue}, Teresa and {Hebb}, Leslie and {Stassun}, Keivan G. and {Roccatagliata}, Veronica and {Schwarz}, Richard P. and {Tan}, T.~G. and {Radford}, Don J. and {Stockdale}, Christopher},
        title = "{Transit Timing Variations for AU Microscopii b \& c}",
     keywords = {Exoplanets, Stars: activity, Stars: individual: AU Mic, Techniques: photometric, Techniques: transit, Techniques: transit timing variation, Zenodo community tsc2},
    booktitle = {Posters from the TESS Science Conference II (TSC2)},
         year = 2021,
        month = jul,
          eid = {7},
        pages = {7},
          doi = {10.5281/zenodo.5114040},
       adsurl = {https://ui.adsabs.harvard.edu/abs/2021tsc2.confE...7W},
      adsnote = {Provided by the SAO/NASA Astrophysics Data System},
      keywords = {present}
}

@INPROCEEDINGS{2021tsc2.confE...8R,
       author = {{Reefe}, Michael and {Alfaro}, Owen and {Foster}, Shawn and {Plavchan}, Peter and {Pepin}, Nick and {Vidaurri}, Monica and {Collins}, Kevin and {Wittrock}, Justin and {Newman}, Patrick and {Jimenez}, Mary and {Bowen}, Michael and {Eastridge}, Kevin and {Ellingsen}, Taylor and {Combs}, Deven and {Berberian}, John and {Latouf}, Natasha and {Stibbards}, Caitlin and {Vermilion}, David and {Kim}, Kingsley and {Chimaladinne}, Sudhish and {Banaji}, Shreyas},
        title = "{A Flexible Python Observatory Automation Framework for the George Mason University Campus Telescope}",
     keywords = {Exoplanets, Software Automation, Zenodo community tsc2},
    booktitle = {Posters from the TESS Science Conference II (TSC2)},
         year = 2021,
        month = jul,
          eid = {8},
        pages = {8},
          doi = {10.5281/zenodo.5114171},
       adsurl = {https://ui.adsabs.harvard.edu/abs/2021tsc2.confE...8R},
      adsnote = {Provided by the SAO/NASA Astrophysics Data System},
      keywords = {present}
}

@INPROCEEDINGS{2022AAS...24010113R,
       author = {{Reefe}, Michael and {Satyapal}, Shobita and {Doan}, Sara and {Sexton}, Remington and {Secrest}, Nathan and {Cann}, Jenna},
        title = "{A Large Scale Survey of Galaxies with Coronal Line Emission Selected from the Sloan Digital Sky Survey}",
    booktitle = {American Astronomical Society Meeting Abstracts},
         year = 2022,
       series = {American Astronomical Society Meeting Abstracts},
       volume = {54},
        month = jun,
          eid = {101.13},
        pages = {101.13},
       adsurl = {https://ui.adsabs.harvard.edu/abs/2022AAS...24010113R},
      adsnote = {Provided by the SAO/NASA Astrophysics Data System},
      keywords = {present}
}

@INPROCEEDINGS{2022AAS...24021307D,
       author = {{Doan}, Sara and {Satyapal}, Shobita and {Reefe}, Michael and {Sexton}, Remington},
        title = "{The Diagnostic Potential of Coronal lines in the Study of Active Galactic Nuclei}",
    booktitle = {American Astronomical Society Meeting Abstracts},
         year = 2022,
       series = {American Astronomical Society Meeting Abstracts},
       volume = {54},
        month = jun,
          eid = {213.07},
        pages = {213.07},
       adsurl = {https://ui.adsabs.harvard.edu/abs/2022AAS...24021307D},
      adsnote = {Provided by the SAO/NASA Astrophysics Data System},
      keywords = {present}
}

